<record><leader>00000cas a22000007a 4500</leader><controlfield tag="001">15498423</controlfield><controlfield tag="008">870407d19051907wiuwr ne      0    0eng d</controlfield><datafield ind1=" " ind2=" " tag="010"><subfield code="a">sn 87082423 </subfield></datafield><datafield ind1=" " ind2=" " tag="040"><subfield code="a">NPV</subfield><subfield code="b">eng</subfield><subfield code="c">NPV</subfield><subfield code="d">WIH</subfield><subfield code="d">OCLCQ</subfield><subfield code="d">OCLCF</subfield><subfield code="d">OCLCO</subfield></datafield><datafield ind1=" " ind2=" " tag="019"><subfield code="a">32867072</subfield></datafield><datafield ind1=" " ind2=" " tag="042"><subfield code="a">msc</subfield></datafield><datafield ind1=" " ind2=" " tag="043"><subfield code="a">n-us-wi</subfield></datafield><datafield ind1="0" ind2="4" tag="245"><subfield code="a">The Kilbourn weekly illustrated events.</subfield></datafield><datafield ind1="3" ind2="0" tag="246"><subfield code="a">Illustrated events</subfield></datafield><datafield ind1=" " ind2=" " tag="260"><subfield code="a">Kilbourn [i.e. Wisconsin Dells], Wis. :</subfield><subfield code="b">J.E. Jones,</subfield><subfield code="c">1905-1907.</subfield></datafield><datafield ind1=" " ind2=" " tag="300"><subfield code="a">v.</subfield></datafield><datafield ind1=" " ind2=" " tag="310"><subfield code="a">Weekly</subfield></datafield><datafield ind1="0" ind2=" " tag="362"><subfield code="a">Vol. 1, no. 1 (June 3, 1905)-v. 2, no. 52 (June 29, 1907).</subfield></datafield><datafield ind1=" " ind2="0" tag="651"><subfield code="a">Friendship (Wis.)</subfield><subfield code="x">History</subfield><subfield code="v">Periodicals.</subfield></datafield><datafield ind1=" " ind2="7" tag="655"><subfield code="a">History.</subfield><subfield code="2">fast</subfield><subfield code="0">(OCoLC)fst01411628</subfield></datafield><datafield ind1=" " ind2="7" tag="655"><subfield code="a">Periodicals.</subfield><subfield code="2">fast</subfield><subfield code="0">(OCoLC)fst01411641</subfield></datafield><datafield ind1=" " ind2="7" tag="651"><subfield code="a">Wisconsin</subfield><subfield code="z">Friendship.</subfield><subfield code="2">fast</subfield><subfield code="0">(OCoLC)fst01239168</subfield></datafield><datafield ind1=" " ind2=" " tag="752"><subfield code="a">United States</subfield><subfield code="b">Wisconsin</subfield><subfield code="c">Juneau</subfield><subfield code="d">Wisconsin Dells.</subfield></datafield><datafield ind1=" " ind2=" " tag="752"><subfield code="a">United States</subfield><subfield code="b">Wisconsin</subfield><subfield code="c">Sauk</subfield><subfield code="d">Wisconsin Dells.</subfield></datafield><datafield ind1=" " ind2=" " tag="752"><subfield code="a">United States</subfield><subfield code="b">Wisconsin</subfield><subfield code="c">Sauk</subfield><subfield code="d">Kilbourn.</subfield></datafield><datafield ind1=" " ind2=" " tag="752"><subfield code="a">United States</subfield><subfield code="b">Wisconsin</subfield><subfield code="c">Columbia</subfield><subfield code="d">Wisconsin Dells.</subfield></datafield><datafield ind1="0" ind2="0" tag="785"><subfield code="t">Kilbourn weekly events</subfield><subfield code="w">(DLC)sn 87082424</subfield></datafield></record>